@manual{multicians,
  title  = "Multicians - The Multics Web",
  author = "Tom Van Vleck",
  url    = "https://multicians.org/multics.html",
  year   = "2020 (last accessed April 19, 2020)"
}

@manual{mindpride,
    title = "Mindpride Computer Services",
    url = "http://www.mindpride.net/root/Extras/History/OS/history_of_multics.htm",
    year = "2020 (last accessed April 19, 2020)"
}

@manual{ringzero,
    title = "RingZero - Multics Reborn",
    author = "Harry Reed and Charles Anthony",
    url = "http://ringzero.wikidot.com/",
    year = "2020 (last accessed April 19, 2020)"    
}

@manual{setupRingZero,
    title = "RingZero Multics Wiki",
    author = "Swenson",
    url = "http://multics-wiki.swenson.org/index.php/Getting_Started",
    year = "2020 (last accessed April 19, 2020)"
}

@manual{mitBull,
    title = "Multics Internet Server",
    author = "MIT and BULL",
    url = "https://web.mit.edu/multics-history/source/Multics_Internet_Server/Multics_sources.html",
    year = "2020 (last accessed April 19, 2020)"
}

@inproceedings{introductionMultics,
    author = {Corbat\'{o}, F. J. and Vyssotsky, V. A.},
    title = {Introduction and Overview of the Multics System},
    year = {1965},
    isbn = {9781450378857},
    publisher = {Association for Computing Machinery},
    address = {New York, NY, USA},
    url = {https://doi.org/10.1145/1463891.1463912},
    doi = {10.1145/1463891.1463912},
    booktitle = {Proceedings of the November 30--December 1, 1965, Fall Joint Computer Conference, Part I},
    pages = {185–196},
    numpages = {12},
    location = {Las Vegas, Nevada},
    series = {AFIPS ’65 (Fall, part I)}
}

@article{protectionSaltzer,
    author = {Saltzer, Jerome H.},
    title = {Protection and the Control of Information Sharing in Multics},
    year = {1974},
    issue_date = {July 1974},
    publisher = {Association for Computing Machinery},
    address = {New York, NY, USA},
    volume = {17},
    number = {7},
    issn = {0001-0782},
    url = {https://doi.org/10.1145/361011.361067},
    doi = {10.1145/361011.361067},
    journal = {Commun. ACM},
    month = jul,
    pages = {388–402},
    numpages = {15},
    keywords = {security, descriptors, protected subsystems, authentication, time-sharing systems, privacy, Multics, protection, computer utilities, proprietary programs, virtual memory, access control}
}

@inproceedings{protectionGlaser,
    author = {Glaser, Edward L.},
    title = {A Brief Description of Privacy Measures in the Multics Operating System},
    year = {1967},
    isbn = {9781450378956},
    publisher = {Association for Computing Machinery},
    address = {New York, NY, USA},
    url = {https://doi.org/10.1145/1465482.1465529},
    doi = {10.1145/1465482.1465529},
    booktitle = {Proceedings of the April 18-20, 1967, Spring Joint Computer Conference},
    pages = {303–304},
    numpages = {2},
    location = {Atlantic City, New Jersey},
    series = {AFIPS ’67 (Spring)}
}


@inproceedings{AnalysisKargerSchell,
    author = {Karger, P.A. and Schell, R.R.},
    year = {2002},
    month = {02},
    pages = {127 - 146},
    title = {Multics security evaluation: Vulnerability analysis},
    isbn = {0-7695-1828-1},
    doi = {10.1109/CSAC.2002.1176286}
}


@article{thompson,
    author = {Thompson, Ken},
    title = {Reflections on Trusting Trust},
    year = {1984},
    issue_date = {August 1984},
    publisher = {Association for Computing Machinery},
    address = {New York, NY, USA},
    volume = {27},
    number = {8},
    issn = {0001-0782},
    url = {https://doi.org/10.1145/358198.358210},
    doi = {10.1145/358198.358210},
    journal = {Commun. ACM},
    month = aug,
    pages = {761–763},
    numpages = {3}
    }

  



